@InProceedings{siimi-pvcc3-16,
  author       = {Gabriela Aim{\'e} Guimar{\~a}es and Yuri Matheus Dias Pereira and Hugo A. Dantas do Nascimento and Cleomar de Sousa Rocha},
  title        = {Programação Visual para os Cubos Interativos $C^3$},
  booktitle    = {Anais do IV Simpósio Internacional de Inovação em Mídias Interativas},
  year         = {2016},
  pages        = {572--583},
  address      = {Goi{\~a}nia, GO, Brazil},
  organization = {ROCHA, Cleomar, Media Lab / UFG},
  abstract     = {$C^3$ é uma plataforma de arte interativa desenvolvida pela equipe do Media Lab / {UFG}. Ela consiste de um conjunto de cubos dotados de comportamentos expressos por luz e som, que variam segundo sua posição no espaço tridimensional, sua proximidade de outros cubos e dos movimentos executados neles por interatores humanos. Convencionalmente, a programação dos cubos se dá utilizando uma linguagem baseada em {C} para dispositivos Arduíno, o que, embora comum em vários projetos de arte interativa, não é dominada por todos aqueles que atuam nessa área. O presente artigo descreve o $C^3$ {GUI}, um ambiente de programação visual que possibilita que artistas e designers, mesmo que inexperientes em programação, possam criar projetos interativos para o $C^3$. Experiências com o $C^3$ {GUI} demonstram os benefícios em utilizar uma linguagem de programação visual, bem como, os problemas e as limitações que ainda precisam ser resolvidos nessa ferramenta.},
  keywords     = {cubos interativos, programação visual, interface gráfica, máquina de estados},
  owner        = {hugo},
  timestamp    = {2016.12.08},
  url          = {https://siimi.medialab.ufg.br/p/16333-anais-2016},
}
