@inproceedings{pereiraLessonsLearnedSystems2019,
	title = {Lessons Learned on {{Systems}} of {{Systems Engineering}}: {{Systems Concurrent Engineering}} of a {{Constellation}} of {{Cubesat Formations}}},
	booktitle = {70 Th {{International Astronautical Congress}} ({{IAC}})},
	author = {Pereira, Yuri Matheus Dias and Amauri, Silva Costa and Junqueira, Bruno Carneiro and Raimundi, Lucas R. and Guimar{\~a}es, Sarah Gatti and Loureiro, Geilson},
	year = {2019},
	address = {{Washington DC}},
	url = {https://iafastro.directory/iac/paper/id/37802/abstract-pdf/IAC-17,D1,4A,1,x37802.brief.pdf?2017-04-11.11:19:08},
	keywords = {‚õî No DOI found,üîçNo DOI found},
	language = {en}
}
	% == BibTeX quality report for pereiraLessonsLearnedSystems2019:
	% Missing required field 'pages'
	% Missing required field 'publisher'
	% ? Unsure about the formatting of the booktitle

